03300000        2030850441000143159000004592875                         C R L FERREIRA E CIA LTDA EPP BANCO SANTANDER                         122072020      000002040                                                                          
03300011R01  030 2030850441000143                    159000004592875     C R L FERREIRA E CIA LTDA EPP                                                                                 0000000222072020                                         
0330001300001P 011590001300102730130010273  0000000055069521  BB005506A      2507202000000000000200000000 02N22072020300000000000000000000000000000000000000000000000000000000000000000000000000000                         000106000           
0330001300002Q 011000040754687805NATHALIA LOPES                                                                                                          0000000000000000                                        000000000000                   
03399999         000001000006                                                                                                                                                                                                                   
