03300000        2030850441000143159000004592875                         C R L FERREIRA E CIA LTDA EPP BANCO SANTANDER                         110082020      000010040                                                                          
03300011R01  030 2030850441000143                    159000004592875     C R L FERREIRA E CIA LTDA EPP                                                                                 0000001010082020                                         
0330001300001P 011590001300102730130010273  0000000055069511  BB005506A      1008202000000000000200000000 02N07082020300000000000000000000000000000000000000000000000000000000000000000000000000000                         000106000           
0330001300002Q 011000005429466298CARLOS ABRAAO DE SOUZA                  AV. NA SRA. DE NAZARE 404               NAZARE         66060170BELEM          PA0000000000000000                                        000000000000                   
0330001300003P 011590001300102730130010273  0000000055166511  BB005516A      1308202000000000000200000000 02N10082020300000000000000000000000000000000000000000000000000000000000000000000000000000                         000106000           
0330001300004Q 011000004223569210ESTER SANTOS                            RODOVIA MARIO COVAS  1500               COQUEIRO       67115000ANANINDEUA     PA0000000000000000                                        000000000000                   
0330001300005P 011590001300102730130010273  0000000055077511  BB005507A      1008202000000000000200000000 02N07082020300000000000000000000000000000000000000000000000000000000000000000000000000000                         000106000           
0330001300006Q 011000005654898280NALBERTH DOS SANTOS CARVALHO            AV. NA SRA. DE NAZARE 404               NAZARE         66060170BELEM          PA0000000000000000                                        000000000000                   
0330001300007P 011590001300102730130010273  0000000055085511  BB005508A      1008202000000000000200000000 02N07082020300000000000000000000000000000000000000000000000000000000000000000000000000000                         000106000           
0330001300008Q 011000001412832264DHON KLLINTIS MEIRELES DE ARAGAO        AV. NA SRA. DE NAZARE 404               NAZARE         66060170BELEM          PA0000000000000000                                        000000000000                   
0330001300009P 011590001300102730130010273  0000000055190511  BB005519A      1308202000000000000200000000 02N10082020300000000000000000000000000000000000000000000000000000000000000000000000000000                         000106000           
0330001300010Q 011000002490284258GABRIEL RAIOL DOS SANTOS                RUA SAO LUIS 01                         BELO HORIZONTE 68503270MARABA         PA0000000000000000                                        000000000000                   
0330001300011P 011590001300102730130010273  0000000055131511  BB005513A      1308202000000000000200000000 02N10082020300000000000000000000000000000000000000000000000000000000000000000000000000000                         000106000           
0330001300012Q 011000004245425288JOAO ROBERTO MONTEIRO SIQUEIRA          AVENIDA DOUTOR FREITAS 2028             MARCO          66095110BELEM          PA0000000000000000                                        000000000000                   
0330001300013P 011590001300102730130010273  0000000055093511  BB005509A      1008202000000000000200000000 02N07082020300000000000000000000000000000000000000000000000000000000000000000000000000000                         000106000           
0330001300014Q 011000001785173219MICHAEL DOUGLAS MARTINS                 AV. NA SRA. DE NAZARE 404               NAZARE         66060170BELEM          PA0000000000000000                                        000000000000                   
0330001300015P 011590001300102730130010273  0000000055204511  BB005520A      1308202000000000000200000000 02N10082020300000000000000000000000000000000000000000000000000000000000000000000000000000                         000106000           
0330001300016Q 011000004143005212FELIPE HENRIQUE VIANA GOMES             AV. NA SRA. DE NAZARE 404               NAZARE         66060170BELEM          PA0000000000000000                                        000000000000                   
0330001300017P 011590001300102730130010273  0000000055140511  BB005514A      1308202000000000000200000000 02N10082020300000000000000000000000000000000000000000000000000000000000000000000000000000                         000106000           
0330001300018Q 011000041810907879CAIO CAVALCANTE MODESTI                 RUA JUVENAL DA SILVA GUIMARAES 52       CIDADE PLANEJAD12922620BRAGANCA PAULISSP0000000000000000                                        000000000000                   
0330001300019P 011590001300102730130010273  0000000055123511  BB005512A      1308202000000000000200000000 02N10082020300000000000000000000000000000000000000000000000000000000000000000000000000000                         000106000           
0330001300020Q 011000004929120250LUCAS RODRIGUES DOS SANTOS              AVENIDA JOSE BONIFACIO 2873             GUAMA          66065112BELEM          PA0000000000000000                                        000000000000                   
0330001300021P 011590001300102730130010273  0000000055212511  BB005521A      1308202000000000000200000000 02N10082020300000000000000000000000000000000000000000000000000000000000000000000000000000                         000106000           
0330001300022Q 011000003054481298SILVIO DOS SANTOS PEREIRA               AV. NA SRA. DE NAZARE 962               NAZARE         66060141BELEM          PA0000000000000000                                        000000000000                   
0330001300023P 011590001300102730130010273  0000000055220511  BB005522A      1308202000000000000200000000 02N10082020300000000000000000000000000000000000000000000000000000000000000000000000000000                         000106000           
0330001300024Q 011000005429466298CARLOS ABRAAO DE SOUZA                  AV. AUGUSTO MONTENEGRO  10              PARQUE GUAJARA 66821000BELEM          PA0000000000000000                                        000000000000                   
0330001300025P 011590001300102730130010273  0000000055107511  BB005510A      1008202000000000000200000000 02N07082020300000000000000000000000000000000000000000000000000000000000000000000000000000                         000106000           
0330001300026Q 011000007949736399RODRIGO CARVALHO DOS SANTOS             AV. NA SRA. DE NAZARE 404               NAZARE         66060170BELEM          PA0000000000000000                                        000000000000                   
0330001300027P 011590001300102730130010273  0000000055239511  BB005523A      1308202000000000000200000000 02N10082020300000000000000000000000000000000000000000000000000000000000000000000000000000                         000106000           
0330001300028Q 011000007505344277CASSIO MURILO COSTA BOTELHO             RUA INDEPENDENCIA 2518                  TAPANA (ICOARAC66830335BELEM          PA0000000000000000                                        000000000000                   
0330001300029P 011590001300102730130010273  0000000055255511  BB005525A      1308202000000000000200000000 02N10082020300000000000000000000000000000000000000000000000000000000000000000000000000000                         000106000           
0330001300030Q 011000001807637255TIAGO CRUZ SOARES                       AV.NOSSA SENHORA DE NAZARE 962          NAZARE         66040141BELEM          PA0000000000000000                                        000000000000                   
0330001300031P 011590001300102730130010273  0000000055158511  BB005515A      1308202000000000000200000000 02N10082020300000000000000000000000000000000000000000000000000000000000000000000000000000                         000106000           
0330001300032Q 011000001794283226PEDRO LEON VILAR DE OLIVEIRA            AV. NA SRA. DE NAZARE 404               NAZARE         66060170BELEM          PA0000000000000000                                        000000000000                   
0330001300033P 011590001300102730130010273  0000000055115511  BB005511A      1008202000000000000200000000 02N07082020300000000000000000000000000000000000000000000000000000000000000000000000000000                         000106000           
0330001300034Q 011000053540409220ROGERIO ADRIANO PIRES SANTOS JUNIOR     AV. NA SRA. DE NAZARE 404               NAZARE         66060170BELEM          PA0000000000000000                                        000000000000                   
03300015         000037                                                                                                                                                                                                                         
03399999         000001000037                                                                                                                                                                                                                   
