03300000        2030850441000143159000004592875                         C R L FERREIRA E CIA LTDA EPP BANCO SANTANDER                         124072020      000001040                                                                          
03300011R01  030 2030850441000143                    159000004592875     C R L FERREIRA E CIA LTDA EPP                                                                                 0000000124072020                                         
03399999         000001000004                                                                                                                                                                                                                   
