03300000        2030850441000143000000000000000                         C R L FERREIRA E CIA LTDA EPP BANCO SANTANDER                         119072020      000001040                                                                          
03300011R01  030 2030850441000143                    000000000000000     C R L FERREIRA E CIA LTDA EPP                                                                                 0000000119072020                                         
0330001300001P 011590001300102730130010273  0000000055050521  BB834A         2107202000000000000200000000 02N18072020300000000000000000000000000000000000000000000000000000000000000000000000000000                         000106000           
0330001300002Q 011000078541336985NATHALIA LOPES                          R. CONS. ELIAS DE CARVALHO 50                          04373000SAO PAULO      SP0000000000000000                                        000000000000                   
0330001300003P 011590001300102730130010273  0000000055085521  BB005508A      2207202000000000000200000000 02N19072020300000000000000000000000000000000000000000000000000000000000000000000000000000                         000106000           
0330001300004Q 011000078452369845VITOR TAKARA                            RUA DOUTOR BRASIL DE OLIVEIRA 73                       04746020SAO PAULO      SP0000000000000000                                        000000000000                   
0330001300005P 011590001300102730130010273  0000000055069521  BB834A         2107202000000000000200000000 02N18072020300000000000000000000000000000000000000000000000000000000000000000000000000000                         000106000           
0330001300006Q 011000078541336985NATHALIA LOPES                          R. CONS. ELIAS DE CARVALHO 50                          04373000SAO PAULO      SP0000000000000000                                        000000000000                   
0330001300007P 011590001300102730130010273  0000000055077521  BB834A         2207202000000000000200000000 02N19072020300000000000000000000000000000000000000000000000000000000000000000000000000000                         000106000           
0330001300008Q 011000078944523690NATHALIA LOPES                          R. CONS. ELIAS DE CARVALHO 50                          04373000SAO PAULO      SP0000000000000000                                        000000000000                   
03399999         000001000012                                                                                                                                                                                                                   
