03300000        2030850441000143000000000000000                         C R L FERREIRA E CIA LTDA EPP BANCO SANTANDER                         119072020      000002040                                                                          
03300011R01  030 2030850441000143                    000000000000000     C R L FERREIRA E CIA LTDA EPP                                                                                 0000000219072020                                         
0330001300001P 011590001300102730130010273  0000000055050521  BB834A         2107202000000000000200000000 02N18072020300000000000000000000000000000000000000000000000000000000000000000000000000000                         000106000           
0330001300002Q 011000078541336985NATHALIA LOPES                          R. CONS. ELIAS DE CARVALHO 50                          04373000SAO PAULO      SP0000000000000000                                        000000000000                   
03399999         000001000006                                                                                                                                                                                                                   
