03300000        2030850441000143159000004592875                         C R L FERREIRA E CIA LTDA EPP BANCO SANTANDER                         124072020      000003040                                                                          
03300011R01  030 2030850441000143                    159000004592875     C R L FERREIRA E CIA LTDA EPP                                                                                 0000000324072020                                         
0330001300001P 011590001300102730130010273  0000000055050511  BB005505A      2507202000000000000200000000 02N22072020300000000000000000000000000000000000000000000000000000000000000000000000000000                         000106000           
0330001300002Q 011000012321415230NATHALIA LOPES                          R. CONS. ELIAS DE CARVALHO 50           VILA SANTA CATA04373000SAO PAULO      SP0000000000000000                                        000000000000                   
0330001300003P 011590001300102730130010273  0000000055069511  BB005506A      2507202000000000000200000000 02N22072020300000000000000000000000000000000000000000000000000000000000000000000000000000                         000106000           
0330001300004Q 011000040754687805NATHALIA LOPES                          R. CONS. ELIAS DE CARVALHO 50           VILA SANTA CATA04373000SAO PAULO      SP0000000000000000                                        000000000000                   
03300015         000007                                                                                                                                                                                                                         
03399999         000001000007                                                                                                                                                                                                                   
